<?xml version="1.0" encoding="UTF-8"?><collection xmlns="http://www.loc.gov/MARC21/slim"><record><leader>00348nam--2200121-i-4500</leader><controlfield tag="001">000045718</controlfield><controlfield tag="002">20161230</controlfield><controlfield tag="005">20161230201045</controlfield><controlfield tag="008">060222s1000------------r-----000-0-eng-d</controlfield><datafield ind1=" " ind2=" " tag="100"><subfield code="a">Trotman-dickenson,A.F</subfield></datafield><datafield ind1=" " ind2=" " tag="245"><subfield code="a">Gas kinetics. an intr.to the kinetics of homogenous gas reactions</subfield></datafield><datafield ind1=" " ind2=" " tag="260"><subfield code="a">London, Butterworths, 1955. X+322 P.+fig</subfield></datafield><datafield ind1=" " ind2=" " tag="852"><subfield code="a">11747</subfield></datafield></record></collection>